@inproceedings{devlin2019bert,
  title={BERT: Pre-training of deep bidirectional transformers for language understanding},
  author={Jacob Devlin and Ming-Wei Chang and Kenton Lee and Kristina Toutanova},
  booktitle={Proceedings of the 2019 Conference of the North American Chapter of the Association for Computational Linguistics: Human Language Technologies, Volume 1},
  pages={4171–4186},
  year={2019},
}

@inproceedings{vaswani2017attention,
    title	= {Attention is All You Need},
    author	= {Ashish Vaswani and Noam Shazeer and Niki Parmar and Jakob Uszkoreit and Llion Jones and Aidan N. Gomez and Lukasz Kaiser and Illia Polosukhin},
    booktitle={Proceedings of the 31st Conference on Neural Information Processing Systems (NIPS)},
    year	= {2017},
    URL	= {https://arxiv.org/pdf/1706.03762.pdf}
}

@inproceedings{zheng2017joint-modeling,
  title={Joint deep modeling of users and items using reviews for recommendation},
  author={Lei Zheng and Vahid Noroozi and Phillip S. Yu},
  booktitle={Proceedings of the 10th ACM International Conference on Web Search and Data Mining},
  pages={425–434},
  year={2017},
}

@article{rendle2012factorization,
  acmid = {2168771},
  added-at = {2013-07-17T14:47:33.000+0200},
  address = {New York, NY, USA},
  articleno = {57},
  author = {Rendle, Steffen},
  biburl = {https://www.bibsonomy.org/bibtex/259d99cb9a9538e36e94792713f0bc086/folke},
  description = {Factorization Machines with libFM},
  doi = {10.1145/2168752.2168771},
  interhash = {c0457142c7201487b1f6e22aba237c30},
  intrahash = {59d99cb9a9538e36e94792713f0bc086},
  issn = {2157-6904},
  issue_date = {May 2012},
  journal = {ACM Trans. Intell. Syst. Technol.},
  keywords = {factor factorization libfm machines models recommender recsys},
  month = may,
  number = 3,
  numpages = {22},
  pages = {57:1--57:22},
  publisher = {ACM},
  timestamp = {2013-07-17T14:47:33.000+0200},
  title = {Factorization Machines with libFM},
  url = {http://doi.acm.org/10.1145/2168752.2168771},
  volume = 3,
  year = 2012
}

@article{amjad-cf-2018,
    author    = {Amjad Almahairi and Kyle Kastner and Kyunghyun Cho and Aaron Courville},
    title     = {Learning Distributed Representations from Reviews for
Collaborative Filtering},
    volume    = {arXiv:1806.06875},
    year      = {2018},
    url       = {https://arxiv.org/abs/1806.06875},
    journal   = {Information Search and Retrieval},
    note    = {version 1}
}

@article{raghavendra-transformer-2019,
    author    = {Raghavendra Pappagari and Piotr Żelasko and Jesús Villalba and Yishay Carmiel and Najim Dehak},
    title     = {Hierarchical Transformers for Long Document Classification},
    volume    = {arXiv:1910.10781},
    year      = {2019},
    url       = {https://arxiv.org/abs/1806.06875},
    journal   = {Information Search and Retrieval},
    note    = {version 1}
}

@misc{DeepCoNN-Movie,
    Author = {Colby Wise and Michael Alvarino and Richard Dewey},
    Title = {Deep Cooperative Neural Network for Movie Rating Prediction},
    Year={2018},
    url={https://github.com/richdewey/DeepCoNN/blob/master/Team%20Files/Latex_Reports/Final_Report/Final_Report.pdf}
}

@misc{fine-tune-bert-classification,
    Author = {Chi Sun and Xipeng Qiu and Yige Xu and Xuanjing Huang},
    Title = {How to Fine-Tune BERT for Text Classification?},
    year = {2020},
    volume = {arXiv:1905.05583},
    url = {https://arxiv.org/abs/1905.05583}
}
    
@article{bahdanau-2015,
    Author = {Dzmitry Bahdanau and Kyunghyun Cho and Yoshua Bengio},
    Title = {Neural machine translation by jointly learning to align and translate},
    Journal = {International Conference on Learning Representations},
    Year = {2015}
}

@misc{liu2019roberta,
      title={RoBERTa: A Robustly Optimized BERT Pretraining Approach}, 
      author={Yinhan Liu and Myle Ott and Naman Goyal and Jingfei Du and Mandar Joshi and Danqi Chen and Omer Levy and Mike Lewis and Luke Zettlemoyer and Veselin Stoyanov},
      year={2019},
      eprint={1907.11692},
      archivePrefix={arXiv},
      primaryClass={cs.CL}
}

@misc{sanh2020distilbert,
      title={DistilBERT, a distilled version of BERT: smaller, faster, cheaper and lighter}, 
      author={Victor Sanh and Lysandre Debut and Julien Chaumond and Thomas Wolf},
      year={2020},
      eprint={1910.01108},
      archivePrefix={arXiv},
      primaryClass={cs.CL}
}

@misc{reimers2019sentencebert,
      title={Sentence-BERT: Sentence Embeddings using Siamese BERT-Networks}, 
      author={Nils Reimers and Iryna Gurevych},
      year={2019},
      eprint={1908.10084},
      archivePrefix={arXiv},
      primaryClass={cs.CL}
}

@misc{cer2018universal,
      title={Universal Sentence Encoder}, 
      author={Daniel Cer and Yinfei Yang and Sheng-yi Kong and Nan Hua and Nicole Limtiaco and Rhomni St. John and Noah Constant and Mario Guajardo-Cespedes and Steve Yuan and Chris Tar and Yun-Hsuan Sung and Brian Strope and Ray Kurzweil},
      year={2018},
      eprint={1803.11175},
      archivePrefix={arXiv},
      primaryClass={cs.CL}
}

@misc{clark2020electra,
      title={ELECTRA: Pre-training Text Encoders as Discriminators Rather Than Generators}, 
      author={Kevin Clark and Minh-Thang Luong and Quoc V. Le and Christopher D. Manning},
      year={2020},
      eprint={2003.10555},
      archivePrefix={arXiv},
      primaryClass={cs.CL}
}


@article{jianmo-amazon-dataset,
    Author = {Jianmo Ni and Jiacheng Li and Julian McAuley},
    Title = {Justifying Recommendations using Distantly-Labeled Reviews and
Fine-Grained Aspects},
    Journal = {Empirical Methods in Natural Language Processing (EMNLP)},
    Year = {2019}
}

